@article{DBLP:journals/x/Turing37,
  author    = {Alan M. Turing},
  title     = {On computable numbers, with an application to the Entscheidungsproblem},
  journal   = {Proc. London Math. Soc.},
  volume    = {s2-42},
  number    = {1},
  pages     = {230--265},
  year      = {1937}
}


@article{Exathlon,
  author    = {Vincent Jacob and Fei Song and Arnaud Stiegler and Bijan Rad and Yanlei Diao and Nesime Tatbul},
  title     = {Exathlon: A Benchmark for Explainable Anomaly Detection over Time Series},
  journal   = {PVLDB},
  volume    = {14},
  number    = {11},
  pages     = {2613--2626},
  year      = {2021},
  doi       = {10.14778/3476249.3476307}
}


@article{ExathlonDemo,
  author    = {Vincent Jacob and Fei Song and Arnaud Stiegler and Bijan Rad and Yanlei Diao and Nesime Tatbul},
  title     = {A Demonstration of the Exathlon Benchmarking Platform for Explainable Anomaly Detection},
  journal   = {PVLDB},
  volume    = {14},
  number    = {12},
  pages     = {2827--2830},
  year      = {2021},
  doi       = {10.14778/3476311.3476355}
}


@article{Divad,
  author    = {Vincent Jacob and Yanlei Diao},
  title     = {Unsupervised Anomaly Detection in Multivariate Time Series across Heterogeneous Domains},
  journal   = {PVLDB},
  volume    = {14},
  number    = {1},
  pages     = {XXX-XXX},
  year      = {2025},
  doi       = {XX.XX/XXX.XX}
}

@article{Schmidl2022,
  author    = {Sebastian Schmidl and Phillip Wenig and Thorsten Papenbrock},
  title     = {Anomaly Detection in Time Series: A Comprehensive Evaluation},
  journal   = {PVLDB},
  volume    = {15},
  number    = {9},
  pages     = {1779--1797},
  year      = {2022},
  doi       = {10.14778/3538598.3538602}
}

@article{Exstream,
  author    = {Haopeng Zhang and Yanlei Diao and Alexandra Meliou},
  title     = {EXstream: Explaining Anomalies in Event Stream Monitoring},
  booktitle = {Proceedings of the 20th International Conference on Extending Database Technology (EDBT)},
  year      = {2017},
  pages     = {156--167},
  doi       = {10.5441/002/edbt.2017.15}
}

@bachelorsthesis{MijaExstream,
  author    = {Mija Pilkaite},
  title     = {Algorithm Design for Explainable Anomaly Detection for Data Streams},
  school    = {École Polytechnique},
  year      = {2023/2024},
  advisor   = {Yanlei Diao},
}

@techreport{ClementExstream,
  author    = {Clement Martineau},
  title     = {Advanced Algorithm Design for Explainable Anomaly Detection on Data Streams},
  institution = {Laboratoire d'Informatique de l'École Polytechnique (LIX), Team CEDAR (LIX - INRIA)},
  year      = {2024},
  type      = {Internship Report},
  month     = {July},
  supervisor = {Yanlei Diao}
}
